<?xml version="1.0" encoding="UTF-8"?><record xmlns="http://www.loc.gov/MARC21/slim" xmlns:cinclude="http://apache.org/cocoon/include/1.0" xmlns:zs="http://www.loc.gov/zing/srw/">
  <leader>00443nz  a2200121n  4500</leader>
  <controlfield tag="001">n  99018632 </controlfield>
  <controlfield tag="003">DLC</controlfield>
  <controlfield tag="005">19990305171207.0</controlfield>
  <controlfield tag="008">990305n| acannaab|          |n aaa |||  </controlfield>
  <datafield tag="010" ind1=" " ind2=" ">
    <subfield code="a">n  99018632 </subfield>
  </datafield>
  <datafield tag="040" ind1=" " ind2=" ">
    <subfield code="a">DLC</subfield>
    <subfield code="b">eng</subfield>
    <subfield code="c">DLC</subfield>
  </datafield>
  <datafield tag="100" ind1="1" ind2=" ">
    <subfield code="a">Leinonen, Robert,</subfield>
    <subfield code="d">1921-</subfield>
  </datafield>
  <datafield tag="670" ind1=" " ind2=" ">
    <subfield code="a">Deutsche in St. Petersburg, 1998:</subfield>
    <subfield code="b">t.p. (Robert Leinonen) cover p. 4 (b. 1921 into German family in Petrograd/St. Petersburg; emigrated to Germany in 1991, lives in ThuĚringen)</subfield>
  </datafield>
</record>